%YAML 1.1
%TAG !u! tag:unity3d.com,2011:
--- !u!1 &6917442210472887307
GameObject:
  m_ObjectHideFlags: 0
  m_CorrespondingSourceObject: {fileID: 0}
  m_PrefabInstance: {fileID: 0}
  m_PrefabAsset: {fileID: 0}
  serializedVersion: 6
  m_Component:
  - component: {fileID: 6917442210472887310}
  - component: {fileID: 6917442210472887305}
  - component: {fileID: 8333425992271504344}
  m_Layer: 11
  m_Name: Spikes
  m_TagString: Untagged
  m_Icon: {fileID: 0}
  m_NavMeshLayer: 0
  m_StaticEditorFlags: 0
  m_IsActive: 1
--- !u!4 &6917442210472887310
Transform:
  m_ObjectHideFlags: 0
  m_CorrespondingSourceObject: {fileID: 0}
  m_PrefabInstance: {fileID: 0}
  m_PrefabAsset: {fileID: 0}
  m_GameObject: {fileID: 6917442210472887307}
  m_LocalRotation: {x: 0, y: 0, z: 0, w: 1}
  m_LocalPosition: {x: 0, y: 0, z: 0}
  m_LocalScale: {x: 1, y: 1, z: 1}
  m_Children:
  - {fileID: 6917442209260068767}
  - {fileID: 7474223476335138814}
  - {fileID: 1538064995761669170}
  - {fileID: 4498020428938688465}
  - {fileID: 4537596599198342095}
  m_Father: {fileID: 0}
  m_RootOrder: 0
  m_LocalEulerAnglesHint: {x: 0, y: 0, z: 0}
--- !u!114 &6917442210472887305
MonoBehaviour:
  m_ObjectHideFlags: 0
  m_CorrespondingSourceObject: {fileID: 0}
  m_PrefabInstance: {fileID: 0}
  m_PrefabAsset: {fileID: 0}
  m_GameObject: {fileID: 6917442210472887307}
  m_Enabled: 1
  m_EditorHideFlags: 0
  m_Script: {fileID: 11500000, guid: b7273d4b21e9090458010b018fc88661, type: 3}
  m_Name: 
  m_EditorClassIdentifier: 
  _replacingTime: 2.75
  _risingSpeed: 0.1
  _spikes:
  - {fileID: 6917442209260068763}
  - {fileID: 7474223476335138810}
  - {fileID: 1538064995761669174}
  - {fileID: 4498020428938688469}
  - {fileID: 4537596599198342091}
  _spikeColliders:
  - {fileID: 8506622382013798484}
  - {fileID: 5641849593717837877}
  - {fileID: 4371424037985502201}
  - {fileID: 1701810117893926938}
  - {fileID: 1660402085697444868}
--- !u!136 &8333425992271504344
CapsuleCollider:
  m_ObjectHideFlags: 0
  m_CorrespondingSourceObject: {fileID: 0}
  m_PrefabInstance: {fileID: 0}
  m_PrefabAsset: {fileID: 0}
  m_GameObject: {fileID: 6917442210472887307}
  m_Material: {fileID: 0}
  m_IsTrigger: 1
  m_Enabled: 1
  m_Radius: 3.2
  m_Height: 25
  m_Direction: 2
  m_Center: {x: 0, y: 0, z: 0}
--- !u!1001 &1739795898066299990
PrefabInstance:
  m_ObjectHideFlags: 0
  serializedVersion: 2
  m_Modification:
    m_TransformParent: {fileID: 6917442210472887310}
    m_Modifications:
    - target: {fileID: 1093831278307586130, guid: 08264c72093a4ad40a73c7fee24f90c7,
        type: 3}
      propertyPath: m_Enabled
      value: 0
      objectReference: {fileID: 0}
    - target: {fileID: 2800173773667481497, guid: 08264c72093a4ad40a73c7fee24f90c7,
        type: 3}
      propertyPath: m_LocalPosition.x
      value: 2.66
      objectReference: {fileID: 0}
    - target: {fileID: 2800173773667481497, guid: 08264c72093a4ad40a73c7fee24f90c7,
        type: 3}
      propertyPath: m_LocalPosition.y
      value: 0.01
      objectReference: {fileID: 0}
    - target: {fileID: 2800173773667481497, guid: 08264c72093a4ad40a73c7fee24f90c7,
        type: 3}
      propertyPath: m_LocalPosition.z
      value: 0
      objectReference: {fileID: 0}
    - target: {fileID: 2800173773667481497, guid: 08264c72093a4ad40a73c7fee24f90c7,
        type: 3}
      propertyPath: m_LocalRotation.x
      value: -0
      objectReference: {fileID: 0}
    - target: {fileID: 2800173773667481497, guid: 08264c72093a4ad40a73c7fee24f90c7,
        type: 3}
      propertyPath: m_LocalRotation.y
      value: -0
      objectReference: {fileID: 0}
    - target: {fileID: 2800173773667481497, guid: 08264c72093a4ad40a73c7fee24f90c7,
        type: 3}
      propertyPath: m_LocalRotation.z
      value: -0
      objectReference: {fileID: 0}
    - target: {fileID: 2800173773667481497, guid: 08264c72093a4ad40a73c7fee24f90c7,
        type: 3}
      propertyPath: m_LocalRotation.w
      value: 1
      objectReference: {fileID: 0}
    - target: {fileID: 2800173773667481497, guid: 08264c72093a4ad40a73c7fee24f90c7,
        type: 3}
      propertyPath: m_RootOrder
      value: 4
      objectReference: {fileID: 0}
    - target: {fileID: 2800173773667481497, guid: 08264c72093a4ad40a73c7fee24f90c7,
        type: 3}
      propertyPath: m_LocalEulerAnglesHint.x
      value: 0
      objectReference: {fileID: 0}
    - target: {fileID: 2800173773667481497, guid: 08264c72093a4ad40a73c7fee24f90c7,
        type: 3}
      propertyPath: m_LocalEulerAnglesHint.y
      value: 0
      objectReference: {fileID: 0}
    - target: {fileID: 2800173773667481497, guid: 08264c72093a4ad40a73c7fee24f90c7,
        type: 3}
      propertyPath: m_LocalEulerAnglesHint.z
      value: 0
      objectReference: {fileID: 0}
    - target: {fileID: 2800173773667481497, guid: 08264c72093a4ad40a73c7fee24f90c7,
        type: 3}
      propertyPath: m_LocalScale.y
      value: 0
      objectReference: {fileID: 0}
    - target: {fileID: 2800173773667481501, guid: 08264c72093a4ad40a73c7fee24f90c7,
        type: 3}
      propertyPath: m_Name
      value: Thorn (4)
      objectReference: {fileID: 0}
    m_RemovedComponents: []
  m_SourcePrefab: {fileID: 100100000, guid: 08264c72093a4ad40a73c7fee24f90c7, type: 3}
--- !u!1 &4537596599198342091 stripped
GameObject:
  m_CorrespondingSourceObject: {fileID: 2800173773667481501, guid: 08264c72093a4ad40a73c7fee24f90c7,
    type: 3}
  m_PrefabInstance: {fileID: 1739795898066299990}
  m_PrefabAsset: {fileID: 0}
--- !u!4 &4537596599198342095 stripped
Transform:
  m_CorrespondingSourceObject: {fileID: 2800173773667481497, guid: 08264c72093a4ad40a73c7fee24f90c7,
    type: 3}
  m_PrefabInstance: {fileID: 1739795898066299990}
  m_PrefabAsset: {fileID: 0}
--- !u!65 &1660402085697444868 stripped
BoxCollider:
  m_CorrespondingSourceObject: {fileID: 1093831278307586130, guid: 08264c72093a4ad40a73c7fee24f90c7,
    type: 3}
  m_PrefabInstance: {fileID: 1739795898066299990}
  m_PrefabAsset: {fileID: 0}
--- !u!1001 &1778951031536189512
PrefabInstance:
  m_ObjectHideFlags: 0
  serializedVersion: 2
  m_Modification:
    m_TransformParent: {fileID: 6917442210472887310}
    m_Modifications:
    - target: {fileID: 1093831278307586130, guid: 08264c72093a4ad40a73c7fee24f90c7,
        type: 3}
      propertyPath: m_Enabled
      value: 0
      objectReference: {fileID: 0}
    - target: {fileID: 2800173773667481497, guid: 08264c72093a4ad40a73c7fee24f90c7,
        type: 3}
      propertyPath: m_LocalPosition.x
      value: 1.33
      objectReference: {fileID: 0}
    - target: {fileID: 2800173773667481497, guid: 08264c72093a4ad40a73c7fee24f90c7,
        type: 3}
      propertyPath: m_LocalPosition.y
      value: 0.01
      objectReference: {fileID: 0}
    - target: {fileID: 2800173773667481497, guid: 08264c72093a4ad40a73c7fee24f90c7,
        type: 3}
      propertyPath: m_LocalPosition.z
      value: 0
      objectReference: {fileID: 0}
    - target: {fileID: 2800173773667481497, guid: 08264c72093a4ad40a73c7fee24f90c7,
        type: 3}
      propertyPath: m_LocalRotation.x
      value: -0
      objectReference: {fileID: 0}
    - target: {fileID: 2800173773667481497, guid: 08264c72093a4ad40a73c7fee24f90c7,
        type: 3}
      propertyPath: m_LocalRotation.y
      value: -0
      objectReference: {fileID: 0}
    - target: {fileID: 2800173773667481497, guid: 08264c72093a4ad40a73c7fee24f90c7,
        type: 3}
      propertyPath: m_LocalRotation.z
      value: -0
      objectReference: {fileID: 0}
    - target: {fileID: 2800173773667481497, guid: 08264c72093a4ad40a73c7fee24f90c7,
        type: 3}
      propertyPath: m_LocalRotation.w
      value: 1
      objectReference: {fileID: 0}
    - target: {fileID: 2800173773667481497, guid: 08264c72093a4ad40a73c7fee24f90c7,
        type: 3}
      propertyPath: m_RootOrder
      value: 3
      objectReference: {fileID: 0}
    - target: {fileID: 2800173773667481497, guid: 08264c72093a4ad40a73c7fee24f90c7,
        type: 3}
      propertyPath: m_LocalEulerAnglesHint.x
      value: 0
      objectReference: {fileID: 0}
    - target: {fileID: 2800173773667481497, guid: 08264c72093a4ad40a73c7fee24f90c7,
        type: 3}
      propertyPath: m_LocalEulerAnglesHint.y
      value: 0
      objectReference: {fileID: 0}
    - target: {fileID: 2800173773667481497, guid: 08264c72093a4ad40a73c7fee24f90c7,
        type: 3}
      propertyPath: m_LocalEulerAnglesHint.z
      value: 0
      objectReference: {fileID: 0}
    - target: {fileID: 2800173773667481497, guid: 08264c72093a4ad40a73c7fee24f90c7,
        type: 3}
      propertyPath: m_LocalScale.y
      value: 0
      objectReference: {fileID: 0}
    - target: {fileID: 2800173773667481501, guid: 08264c72093a4ad40a73c7fee24f90c7,
        type: 3}
      propertyPath: m_Name
      value: Thorn (3)
      objectReference: {fileID: 0}
    m_RemovedComponents: []
  m_SourcePrefab: {fileID: 100100000, guid: 08264c72093a4ad40a73c7fee24f90c7, type: 3}
--- !u!1 &4498020428938688469 stripped
GameObject:
  m_CorrespondingSourceObject: {fileID: 2800173773667481501, guid: 08264c72093a4ad40a73c7fee24f90c7,
    type: 3}
  m_PrefabInstance: {fileID: 1778951031536189512}
  m_PrefabAsset: {fileID: 0}
--- !u!4 &4498020428938688465 stripped
Transform:
  m_CorrespondingSourceObject: {fileID: 2800173773667481497, guid: 08264c72093a4ad40a73c7fee24f90c7,
    type: 3}
  m_PrefabInstance: {fileID: 1778951031536189512}
  m_PrefabAsset: {fileID: 0}
--- !u!65 &1701810117893926938 stripped
BoxCollider:
  m_CorrespondingSourceObject: {fileID: 1093831278307586130, guid: 08264c72093a4ad40a73c7fee24f90c7,
    type: 3}
  m_PrefabInstance: {fileID: 1778951031536189512}
  m_PrefabAsset: {fileID: 0}
--- !u!1001 &3712226961687770027
PrefabInstance:
  m_ObjectHideFlags: 0
  serializedVersion: 2
  m_Modification:
    m_TransformParent: {fileID: 6917442210472887310}
    m_Modifications:
    - target: {fileID: 1093831278307586130, guid: 08264c72093a4ad40a73c7fee24f90c7,
        type: 3}
      propertyPath: m_Enabled
      value: 0
      objectReference: {fileID: 0}
    - target: {fileID: 2800173773667481497, guid: 08264c72093a4ad40a73c7fee24f90c7,
        type: 3}
      propertyPath: m_LocalPosition.x
      value: 0
      objectReference: {fileID: 0}
    - target: {fileID: 2800173773667481497, guid: 08264c72093a4ad40a73c7fee24f90c7,
        type: 3}
      propertyPath: m_LocalPosition.y
      value: 0.01
      objectReference: {fileID: 0}
    - target: {fileID: 2800173773667481497, guid: 08264c72093a4ad40a73c7fee24f90c7,
        type: 3}
      propertyPath: m_LocalPosition.z
      value: 0
      objectReference: {fileID: 0}
    - target: {fileID: 2800173773667481497, guid: 08264c72093a4ad40a73c7fee24f90c7,
        type: 3}
      propertyPath: m_LocalRotation.x
      value: -0
      objectReference: {fileID: 0}
    - target: {fileID: 2800173773667481497, guid: 08264c72093a4ad40a73c7fee24f90c7,
        type: 3}
      propertyPath: m_LocalRotation.y
      value: -0
      objectReference: {fileID: 0}
    - target: {fileID: 2800173773667481497, guid: 08264c72093a4ad40a73c7fee24f90c7,
        type: 3}
      propertyPath: m_LocalRotation.z
      value: -0
      objectReference: {fileID: 0}
    - target: {fileID: 2800173773667481497, guid: 08264c72093a4ad40a73c7fee24f90c7,
        type: 3}
      propertyPath: m_LocalRotation.w
      value: 1
      objectReference: {fileID: 0}
    - target: {fileID: 2800173773667481497, guid: 08264c72093a4ad40a73c7fee24f90c7,
        type: 3}
      propertyPath: m_RootOrder
      value: 2
      objectReference: {fileID: 0}
    - target: {fileID: 2800173773667481497, guid: 08264c72093a4ad40a73c7fee24f90c7,
        type: 3}
      propertyPath: m_LocalEulerAnglesHint.x
      value: 0
      objectReference: {fileID: 0}
    - target: {fileID: 2800173773667481497, guid: 08264c72093a4ad40a73c7fee24f90c7,
        type: 3}
      propertyPath: m_LocalEulerAnglesHint.y
      value: 0
      objectReference: {fileID: 0}
    - target: {fileID: 2800173773667481497, guid: 08264c72093a4ad40a73c7fee24f90c7,
        type: 3}
      propertyPath: m_LocalEulerAnglesHint.z
      value: 0
      objectReference: {fileID: 0}
    - target: {fileID: 2800173773667481497, guid: 08264c72093a4ad40a73c7fee24f90c7,
        type: 3}
      propertyPath: m_LocalScale.y
      value: 0
      objectReference: {fileID: 0}
    - target: {fileID: 2800173773667481501, guid: 08264c72093a4ad40a73c7fee24f90c7,
        type: 3}
      propertyPath: m_Name
      value: Thorn (2)
      objectReference: {fileID: 0}
    m_RemovedComponents: []
  m_SourcePrefab: {fileID: 100100000, guid: 08264c72093a4ad40a73c7fee24f90c7, type: 3}
--- !u!1 &1538064995761669174 stripped
GameObject:
  m_CorrespondingSourceObject: {fileID: 2800173773667481501, guid: 08264c72093a4ad40a73c7fee24f90c7,
    type: 3}
  m_PrefabInstance: {fileID: 3712226961687770027}
  m_PrefabAsset: {fileID: 0}
--- !u!4 &1538064995761669170 stripped
Transform:
  m_CorrespondingSourceObject: {fileID: 2800173773667481497, guid: 08264c72093a4ad40a73c7fee24f90c7,
    type: 3}
  m_PrefabInstance: {fileID: 3712226961687770027}
  m_PrefabAsset: {fileID: 0}
--- !u!65 &4371424037985502201 stripped
BoxCollider:
  m_CorrespondingSourceObject: {fileID: 1093831278307586130, guid: 08264c72093a4ad40a73c7fee24f90c7,
    type: 3}
  m_PrefabInstance: {fileID: 3712226961687770027}
  m_PrefabAsset: {fileID: 0}
--- !u!1001 &4712438189615734887
PrefabInstance:
  m_ObjectHideFlags: 0
  serializedVersion: 2
  m_Modification:
    m_TransformParent: {fileID: 6917442210472887310}
    m_Modifications:
    - target: {fileID: 1093831278307586130, guid: 08264c72093a4ad40a73c7fee24f90c7,
        type: 3}
      propertyPath: m_Enabled
      value: 0
      objectReference: {fileID: 0}
    - target: {fileID: 2800173773667481497, guid: 08264c72093a4ad40a73c7fee24f90c7,
        type: 3}
      propertyPath: m_LocalPosition.x
      value: -1.33
      objectReference: {fileID: 0}
    - target: {fileID: 2800173773667481497, guid: 08264c72093a4ad40a73c7fee24f90c7,
        type: 3}
      propertyPath: m_LocalPosition.y
      value: 0.01
      objectReference: {fileID: 0}
    - target: {fileID: 2800173773667481497, guid: 08264c72093a4ad40a73c7fee24f90c7,
        type: 3}
      propertyPath: m_LocalPosition.z
      value: 0
      objectReference: {fileID: 0}
    - target: {fileID: 2800173773667481497, guid: 08264c72093a4ad40a73c7fee24f90c7,
        type: 3}
      propertyPath: m_LocalRotation.x
      value: -0
      objectReference: {fileID: 0}
    - target: {fileID: 2800173773667481497, guid: 08264c72093a4ad40a73c7fee24f90c7,
        type: 3}
      propertyPath: m_LocalRotation.y
      value: -0
      objectReference: {fileID: 0}
    - target: {fileID: 2800173773667481497, guid: 08264c72093a4ad40a73c7fee24f90c7,
        type: 3}
      propertyPath: m_LocalRotation.z
      value: -0
      objectReference: {fileID: 0}
    - target: {fileID: 2800173773667481497, guid: 08264c72093a4ad40a73c7fee24f90c7,
        type: 3}
      propertyPath: m_LocalRotation.w
      value: 1
      objectReference: {fileID: 0}
    - target: {fileID: 2800173773667481497, guid: 08264c72093a4ad40a73c7fee24f90c7,
        type: 3}
      propertyPath: m_RootOrder
      value: 1
      objectReference: {fileID: 0}
    - target: {fileID: 2800173773667481497, guid: 08264c72093a4ad40a73c7fee24f90c7,
        type: 3}
      propertyPath: m_LocalEulerAnglesHint.x
      value: 0
      objectReference: {fileID: 0}
    - target: {fileID: 2800173773667481497, guid: 08264c72093a4ad40a73c7fee24f90c7,
        type: 3}
      propertyPath: m_LocalEulerAnglesHint.y
      value: 0
      objectReference: {fileID: 0}
    - target: {fileID: 2800173773667481497, guid: 08264c72093a4ad40a73c7fee24f90c7,
        type: 3}
      propertyPath: m_LocalEulerAnglesHint.z
      value: 0
      objectReference: {fileID: 0}
    - target: {fileID: 2800173773667481497, guid: 08264c72093a4ad40a73c7fee24f90c7,
        type: 3}
      propertyPath: m_LocalScale.y
      value: 0
      objectReference: {fileID: 0}
    - target: {fileID: 2800173773667481501, guid: 08264c72093a4ad40a73c7fee24f90c7,
        type: 3}
      propertyPath: m_Name
      value: Thorn (1)
      objectReference: {fileID: 0}
    m_RemovedComponents: []
  m_SourcePrefab: {fileID: 100100000, guid: 08264c72093a4ad40a73c7fee24f90c7, type: 3}
--- !u!1 &7474223476335138810 stripped
GameObject:
  m_CorrespondingSourceObject: {fileID: 2800173773667481501, guid: 08264c72093a4ad40a73c7fee24f90c7,
    type: 3}
  m_PrefabInstance: {fileID: 4712438189615734887}
  m_PrefabAsset: {fileID: 0}
--- !u!4 &7474223476335138814 stripped
Transform:
  m_CorrespondingSourceObject: {fileID: 2800173773667481497, guid: 08264c72093a4ad40a73c7fee24f90c7,
    type: 3}
  m_PrefabInstance: {fileID: 4712438189615734887}
  m_PrefabAsset: {fileID: 0}
--- !u!65 &5641849593717837877 stripped
BoxCollider:
  m_CorrespondingSourceObject: {fileID: 1093831278307586130, guid: 08264c72093a4ad40a73c7fee24f90c7,
    type: 3}
  m_PrefabInstance: {fileID: 4712438189615734887}
  m_PrefabAsset: {fileID: 0}
--- !u!1001 &8728968095398225926
PrefabInstance:
  m_ObjectHideFlags: 0
  serializedVersion: 2
  m_Modification:
    m_TransformParent: {fileID: 6917442210472887310}
    m_Modifications:
    - target: {fileID: 1093831278307586130, guid: 08264c72093a4ad40a73c7fee24f90c7,
        type: 3}
      propertyPath: m_Enabled
      value: 0
      objectReference: {fileID: 0}
    - target: {fileID: 2800173773667481497, guid: 08264c72093a4ad40a73c7fee24f90c7,
        type: 3}
      propertyPath: m_LocalPosition.x
      value: -2.66
      objectReference: {fileID: 0}
    - target: {fileID: 2800173773667481497, guid: 08264c72093a4ad40a73c7fee24f90c7,
        type: 3}
      propertyPath: m_LocalPosition.y
      value: 0.01
      objectReference: {fileID: 0}
    - target: {fileID: 2800173773667481497, guid: 08264c72093a4ad40a73c7fee24f90c7,
        type: 3}
      propertyPath: m_LocalPosition.z
      value: 0
      objectReference: {fileID: 0}
    - target: {fileID: 2800173773667481497, guid: 08264c72093a4ad40a73c7fee24f90c7,
        type: 3}
      propertyPath: m_LocalRotation.x
      value: -0
      objectReference: {fileID: 0}
    - target: {fileID: 2800173773667481497, guid: 08264c72093a4ad40a73c7fee24f90c7,
        type: 3}
      propertyPath: m_LocalRotation.y
      value: -0
      objectReference: {fileID: 0}
    - target: {fileID: 2800173773667481497, guid: 08264c72093a4ad40a73c7fee24f90c7,
        type: 3}
      propertyPath: m_LocalRotation.z
      value: -0
      objectReference: {fileID: 0}
    - target: {fileID: 2800173773667481497, guid: 08264c72093a4ad40a73c7fee24f90c7,
        type: 3}
      propertyPath: m_LocalRotation.w
      value: 1
      objectReference: {fileID: 0}
    - target: {fileID: 2800173773667481497, guid: 08264c72093a4ad40a73c7fee24f90c7,
        type: 3}
      propertyPath: m_RootOrder
      value: 0
      objectReference: {fileID: 0}
    - target: {fileID: 2800173773667481497, guid: 08264c72093a4ad40a73c7fee24f90c7,
        type: 3}
      propertyPath: m_LocalEulerAnglesHint.x
      value: 0
      objectReference: {fileID: 0}
    - target: {fileID: 2800173773667481497, guid: 08264c72093a4ad40a73c7fee24f90c7,
        type: 3}
      propertyPath: m_LocalEulerAnglesHint.y
      value: 0
      objectReference: {fileID: 0}
    - target: {fileID: 2800173773667481497, guid: 08264c72093a4ad40a73c7fee24f90c7,
        type: 3}
      propertyPath: m_LocalEulerAnglesHint.z
      value: 0
      objectReference: {fileID: 0}
    - target: {fileID: 2800173773667481497, guid: 08264c72093a4ad40a73c7fee24f90c7,
        type: 3}
      propertyPath: m_LocalScale.y
      value: 0
      objectReference: {fileID: 0}
    - target: {fileID: 2800173773667481501, guid: 08264c72093a4ad40a73c7fee24f90c7,
        type: 3}
      propertyPath: m_Name
      value: Thorn
      objectReference: {fileID: 0}
    m_RemovedComponents: []
  m_SourcePrefab: {fileID: 100100000, guid: 08264c72093a4ad40a73c7fee24f90c7, type: 3}
--- !u!1 &6917442209260068763 stripped
GameObject:
  m_CorrespondingSourceObject: {fileID: 2800173773667481501, guid: 08264c72093a4ad40a73c7fee24f90c7,
    type: 3}
  m_PrefabInstance: {fileID: 8728968095398225926}
  m_PrefabAsset: {fileID: 0}
--- !u!4 &6917442209260068767 stripped
Transform:
  m_CorrespondingSourceObject: {fileID: 2800173773667481497, guid: 08264c72093a4ad40a73c7fee24f90c7,
    type: 3}
  m_PrefabInstance: {fileID: 8728968095398225926}
  m_PrefabAsset: {fileID: 0}
--- !u!65 &8506622382013798484 stripped
BoxCollider:
  m_CorrespondingSourceObject: {fileID: 1093831278307586130, guid: 08264c72093a4ad40a73c7fee24f90c7,
    type: 3}
  m_PrefabInstance: {fileID: 8728968095398225926}
  m_PrefabAsset: {fileID: 0}
